
@Book{Kleer2016,
  author    = {Kleer, Benedikt Philipp},
  title     = {{Mehr Inklusion durch Volksentscheide? Ein Vergleich direkter und indirekter Mitbestimmungsformen}},
  publisher = {{Tectum Verlag}},
  address   = {Marburg},
  groups    = {eigene Publikationen},
  year      = {2016},
}

@InCollection{Kleer2021,
  author    = {Kleer, Benedikt Philipp and Diesing, Johannes},
  booktitle = {Teaching Civic Engagement Globally},
  title     = {How to Prepare Preservice Teachers? Insights on Civic Education of Preservice Teachers at a German University},
  editor    = {Matto, Elizabeth C. and McCartney, Alison Rios Millett and Bennion, Elizabeth A. and Blair, Alasdair and Sun, Taiyi and Whitehead, Dawn},
  publisher = {{American Political Science Association}},
  file      = {:Kleer2021 - How to Prepare Preservice Teachers_ Insights on Civic Education of Preservice Teachers at a German University.pdf:PDF},
  groups    = {eigene Publikationen},
  year      = {2021},
}

@InCollection{Kleer2020,
  author         = {Kleer, Benedikt Philipp and Abendschön, Simone},
  booktitle      = {{Bausteine digitaler Lehre in der Politikwissenschaft}},
  title          = {{Der Einsatz webbasierter Selbstlernangebote in der sozialwissenschaftlichen Methodenausbildung: Zwei Praxisbeispiele}},
  editor         = {Lambach, Daniel},
  pages          = {87--99},
  publisher      = {{Wochenschau Verlag}},
  series         = {{Kleine Reihe Hochschuldidaktik Politik}},
  address        = {Frankfurt am Main},
  bookpagination = {page},
  file           = {:Kleer2020 - Der Einsatz Webbasierter Selbstlernangebote in Der Sozialwissenschaftlichen Methodenausbildung_ Zwei Praxisbeispiele.pdf:PDF},
  groups         = {eigene Publikationen},
  year           = {2020},
}
﻿% This file was created with Citavi 6.8.0.0

@Report{Abendschoen2018a,
  author    = {Abendschön, Simone and Faas, Thorsten and Kleer, Benedikt Philipp and Wingerter, Luisa},
  title     = {{Kinder im Landtag: Nachhaltige Lernerlebnisse von Grundschulkindern}},
  file      = {kil_codebook:C\:\\Users\\g31442\\Documents\\Literatur\\kil_codebook.pdf:pdf;kil-panel:C\:\\Users\\g31442\\Documents\\Literatur\\kil-panel.rds:rds;kil-panel:C\:\\Users\\g31442\\Documents\\Literatur\\kil-panel.sav:sav},
  groups    = {eigene Publikationen},
  publisher = {{Justus-Liebig-Universität Gießen. Version: 2018-15-10.}},
  year      = {2018},
}
