@InCollection{Kleer2020,
  author         = {Kleer, Benedikt Philipp and Abendsch{\"o}n, Simone},
  booktitle      = {Bausteine digitaler Lehre in der Politikwissenschaft},
  date           = {2020},
  title          = {Der Einsatz webbasierter Selbstlernangebote in der sozialwissenschaftlichen Methodenausbildung: Zwei Praxisbeispiele},
  editor         = {Lambach, Daniel},
  location       = {Frankfurt am Main},
  pages          = {87--99},
  publisher      = {{Wochenschau Verlag}},
  series         = {Kleine Reihe Hochschuldidaktik Politik},
  bookpagination = {page}
}

@InCollection{Kleer2021,
  author    = {Kleer, Benedikt Philipp and Diesing, Johannes},
  booktitle = {Teaching Civic Engagement Globally},
  date      = {2021},
  title     = {How to Prepare Preservice Teachers? Insights on Civic Education of Preservice Teachers at a German University},
  editor    = {Matto, Elizabeth C. and McCartney, Alison Rios Millett and Bennion, Elizabeth A. and Blair, Alasdair and Sun, Taiyi and Whitehead, Dawn},
  location  = {Washington, D.C.},
  pages     = {341-358},
  publisher = {{American Political Science Association}}
}