% This file was created with Citavi 6.7.0.0

@report{Kleer2022a,
 author = {Kleer, B. Philipp and Klemm, Leon and Schulze-Narres, Marie},
 year = {2022},
 title = {Grundlagen Programmieren, Datentypen},
 address = {Giessen},
 publisher = {Justus-Liebig-University Giessen. Version: 2022-04-01.},
 series = {Statistik programmieren mit R},

}

@report{Kleer2022b,
 author = {Kleer, B. Philipp and Klemm, Leon and Schulze-Narres, Marie},
 year = {2022},
 title = {Getting Started mit RStudio Cloud und git},
 address = {Giessen},
 publisher = {Justus-Liebig-University Giessen. Version: 2022-04-01.}
}

@report{Kleer2022c,
 author = {Kleer, B. Philipp and Klemm, Leon and Schulze-Narres, Marie},
 year = {2022},
 title = {Erste Schritte mit R},
 address = {Giessen},
 publisher = {Justus-Liebig-University Giessen. Version: 2022-04-01.}
}

@report{Kleer2022d,
 author = {Kleer, B. Philipp and Klemm, Leon and Schulze-Narres, Marie},
 year = {2022},
 title = {Deskriptive Statistik},
 address = {Giessen},
 publisher = {Justus-Liebig-University Giessen. Version: 2022-04-01.}
}

@report{Kleer2022e,
 author = {Kleer, B. Philipp and Klemm, Leon and Schulze-Narres, Marie},
 year = {2022},
 title = {Willkommen im tidyverse},
 address = {Giessen},
 publisher = {Justus-Liebig-University Giessen. Version: 2022-04-01.}
}


@report{Kleer2022f,
 author = {Kleer, B. Philipp and Klemm, Leon and Schulze-Narres, Marie},
 year = {2022},
 title = {Korrelationen mit R},
 address = {Giessen},
 publisher = {Justus-Liebig-University Giessen. Version: 2022-04-01.}
}

@report{Kleer2022g,
 author = {Kleer, B. Philipp and Klemm, Leon and Schulze-Narres, Marie},
 year = {2022},
 title = {Mittelwertvergleiche mit R},
 address = {Giessen},
 publisher = {Justus-Liebig-University Giessen. Version: 2022-04-01.}
}

@report{Kleer2022h,
 author = {Kleer, B. Philipp and Klemm, Leon and Schulze-Narres, Marie},
 year = {2022},
 title = {Lineare Regression mit R},
 address = {Giessen},
 publisher = {Justus-Liebig-University Giessen. Version: 2022-04-01.}
}

@report{Kleer2022i,
 author = {Kleer, B. Philipp and Klemm, Leon and Schulze-Narres, Marie},
 year = {2022},
 title = {Datenvisualisierungen mit ggplot},
 address = {Giessen},
 publisher = {Justus-Liebig-University Giessen. Version: 2022-04-01.}
}


